%% This BibTeX bibliography file was created using BibDesk.
%% http://bibdesk.sourceforge.net/

%% Created for Antonin Dudermel at 2016-11-02 19:27:52 +0100 


%% Saved with string encoding Unicode (UTF-8) 



@url{2,
	Date-Added = {2016-11-02 18:21:33 +0000},
	Date-Modified = {2016-11-02 18:24:15 +0000},
	Keywords = {magic roundabout},
	Lastchecked = {2/11/2016},
	Title = {Chris's British Road Directory},
	Url = {www.cbrd.co.uk/articles/the-magic-roundabout/},
	Bdsk-Url-1 = {www.cbrd.co.uk/articles/the-magic-roundabout/}}

@article{1,
	Author = {C{\'e}cile Appert and Ludger Santen},
	Date-Added = {2016-11-02 17:58:58 +0000},
	Date-Modified = {2016-11-02 18:27:45 +0000},
	Journal = {Actes INRETS},
	Keywords = {mod{\`e}le, automate cellulaire, trafic synchronis{\'e}},
	Title = {Mod{\'e}lisation du trafic routier par des automates cellulaires},
	Volume = {100},
	Year = {2002}}
