%% This BibTeX bibliography file was created using BibDesk.
%% http://bibdesk.sourceforge.net/

%% Created for Antonin Dudermel at 2016-11-02 19:27:52 +0100 


%% Saved with string encoding Unicode (UTF-8) 



@url{2,
	Date-Added = {2016-11-02 18:21:33 +0000},
	Date-Modified = {2016-11-02 18:24:15 +0000},
	Keywords = {magic roundabout},
	Lastchecked = {2/11/2016},
	Title = {Chris's British Road Directory},
	Url = {www.cbrd.co.uk/articles/the-magic-roundabout/},
	Bdsk-Url-1 = {www.cbrd.co.uk/articles/the-magic-roundabout/}}

@article{1,
	Author = {C{\'e}cile Appert and Ludger Santen},
	Date-Added = {2016-11-02 17:58:58 +0000},
	Date-Modified = {2016-11-02 18:27:45 +0000},
	Journal = {Actes INRETS},
	Keywords = {mod{\`e}le, automate cellulaire, trafic synchronis{\'e}},
	Title = {Mod{\'e}lisation du trafic routier par des automates cellulaires},
	Volume = {100},
	Year = {2002}}

@article{3,
	Author = {Chen Rui-Xiong and Bai Ke-Zhao and Liu Mu-Ren},
	Journal = {Chinese Physics},
	Title = {The CA model for traffic-flow at the grade roundabout crossing},
	Volume = {15},
	Year = {2006}
	}

@article{4,
  title={A cellular automaton model for freeway traffic},
  author={Nagel, Kai and Schreckenberg, Michael},
  journal={Journal de physique I},
  volume={2},
  number={12},
  pages={2221--2229},
  year={1992},
  publisher={EDP Sciences}
}

@article{5,
  title={A cellular automaton traffic flow model for online simulation of traffic},
  author={Wahle, Joachim and Neubert, L and Esser, J and Schreckenberg, Michael},
  journal={Parallel Computing},
  volume={27},
  number={5},
  pages={719--735},
  year={2001},
  publisher={Elsevier}
}

